%
% Mobility
%
@Article{Camp02asurvey,
    author = {Tracy Camp and Jeff Boleng and Vanessa Davies},
    title = {A Survey of Mobility Models for Ad Hoc Network Research},
    journal = {WIRELESS COMMUNICATIONS \& MOBILE COMPUTING (WCMC): SPECIAL ISSUE ON MOBILE AD HOC NETWORKING: RESEARCH, TRENDS AND APPLICATIONS},
    year = {2002},
    volume = {2},
    pages = {483--502}
}

@INPROCEEDINGS{Perkins99optimizedsmooth,
    author = {Charles E. Perkins and et al.},
    title = {Optimized Smooth Handoffs in Mobile IP},
    booktitle = {IN PROCEEDINGS OF ISCC},
    year = {1999},
    pages = {340--346},
}

@MISC{Chiang98wirelessnetwork,
    author = {Ching-Chuan Chiang},
    title = {Wireless Network Multicasting},
    year = {1998}
}

%
% DiffServ
%

@MISC{Floyd93randomearly,
    author = {Sally Floyd and Van Jacobson},
    title = {Random Early Detection Gateways for Congestion Avoidance },
    year = {1993}
}

@MISC{Sanjay2010,
    author = {Sanjay Ramroop},
    title = {Performance evaluation of DiffServ networks using the ns-3 simulator},
    year = {2010}
}
